<record xmlns="http://www.loc.gov/MARC21/slim">
  <leader>01461nam a2200337 a 4500</leader>
  <controlfield tag="001">3238892</controlfield>
  <controlfield tag="007">he amb024bbcp</controlfield>
  <controlfield tag="007">he bmb024baap</controlfield>
  <controlfield tag="008">971105s1913    onc    |b|||| 000 0 eng d</controlfield>
  <datafield tag="020" ind1=" " ind2=" ">
    <subfield code="a">0665868715</subfield>
  </datafield>
  <datafield tag="035" ind1=" " ind2=" ">
    <subfield code="a">ocm53681749</subfield>
  </datafield>
  <datafield tag="040" ind1=" " ind2=" ">
    <subfield code="a">CaOOCIHM</subfield>
    <subfield code="b">eng</subfield>
    <subfield code="c">CaOOCIHM</subfield>
    <subfield code="d">AEU</subfield>
  </datafield>
  <datafield tag="082" ind1="0" ind2=" ">
    <subfield code="a">551.0601</subfield>
    <subfield code="2">20</subfield>
  </datafield>
  <datafield tag="090" ind1=" " ind2=" ">
    <subfield code="a">FC 02 0203 no. 86871</subfield>
    <subfield code="b">AEU</subfield>
  </datafield>
  <datafield tag="111" ind1="2" ind2=" ">
    <subfield code="a">International Geological Congress</subfield>
    <subfield code="n">(12th :</subfield>
    <subfield code="d">1913 :</subfield>
    <subfield code="c">Toronto, Ont.)</subfield>
  </datafield>
  <datafield tag="245" ind1="1" ind2="0">
    <subfield code="a">Delegations and members as on July 24th, 1913</subfield>
    <subfield code="h">[microform] /</subfield>
    <subfield code="c">International Geological Congress, twelfth session, Canada, 1913.</subfield>
  </datafield>
  <datafield tag="260" ind1=" " ind2=" ">
    <subfield code="a">[Ottawa? :</subfield>
    <subfield code="b">s.n.,</subfield>
    <subfield code="c">1913]</subfield>
  </datafield>
  <datafield tag="300" ind1=" " ind2=" ">
    <subfield code="a">1 microfiche (18 fr.)</subfield>
  </datafield>
  <datafield tag="490" ind1="1" ind2=" ">
    <subfield code="a">CIHM/ICMH Microfiche series = CIHM/ICMH collection de microfiches ;</subfield>
    <subfield code="v">no. 86871</subfield>
  </datafield>
  <datafield tag="500" ind1=" " ind2=" ">
    <subfield code="a">Caption title.</subfield>
  </datafield>
  <datafield tag="533" ind1=" " ind2=" ">
    <subfield code="a">Filmed from a copy of the original publication held by the University of Toronto, Science and Medicine Library.</subfield>
    <subfield code="b">Ottawa :</subfield>
    <subfield code="c">Canadian Institute for Historical Microreproductions,</subfield>
    <subfield code="d">1996.</subfield>
  </datafield>
  <datafield tag="534" ind1=" " ind2=" ">
    <subfield code="e">27 p. ; 23 cm.</subfield>
  </datafield>
  <datafield tag="596" ind1=" " ind2=" ">
    <subfield code="a">43</subfield>
  </datafield>
  <datafield tag="611" ind1="2" ind2="0">
    <subfield code="a">International Geological Congress</subfield>
    <subfield code="n">(12th :</subfield>
    <subfield code="d">1913 :</subfield>
    <subfield code="c">Toronto, Ont.)</subfield>
    <subfield code="x">Membership.</subfield>
  </datafield>
  <datafield tag="611" ind1="2" ind2="6">
    <subfield code="a">Congrès géologique international</subfield>
    <subfield code="n">(12e :</subfield>
    <subfield code="d">1913 :</subfield>
    <subfield code="c">Toronto, Ont.)</subfield>
    <subfield code="x">Appartenance.</subfield>
  </datafield>
  <datafield tag="650" ind1=" " ind2="0">
    <subfield code="a">Geology</subfield>
    <subfield code="x">Congresses.</subfield>
  </datafield>
  <datafield tag="650" ind1=" " ind2="6">
    <subfield code="a">Géologie</subfield>
    <subfield code="x">Congrès.</subfield>
  </datafield>
  <datafield tag="830" ind1=" " ind2="0">
    <subfield code="a">CIHM/ICMH microfiche series ;</subfield>
    <subfield code="v">no. 86871</subfield>
  </datafield>
  <datafield tag="949" ind1=" " ind2=" ">
    <subfield code="h">UAHS-MF</subfield>
    <subfield code="z">CIHMMPOST</subfield>
  </datafield>
  <datafield tag="016" ind1=" " ind2=" ">
    <subfield code="a"> 976050722</subfield>
  </datafield>
  <datafield tag="926" ind1=" " ind2=" ">
    <subfield code="a">UAHSS</subfield>
    <subfield code="b">MICROFICHE</subfield>
    <subfield code="c">FC 02 0203 no. 86871</subfield>
    <subfield code="d">MICROFORM</subfield>
    <subfield code="f">1</subfield>
  </datafield>
</record>
